<record><leader>00000cas a22000007a 4500</leader><controlfield tag="001">20837513</controlfield><controlfield tag="008">900102d19821989nyudn ne      0    0chi d</controlfield><datafield ind1=" " ind2=" " tag="010"><subfield code="a">sn 89070135 </subfield></datafield><datafield ind1=" " ind2=" " tag="040"><subfield code="a">YOX</subfield><subfield code="b">eng</subfield><subfield code="c">YOX</subfield><subfield code="d">NYS</subfield><subfield code="d">OCLCQ</subfield><subfield code="d">DLC</subfield><subfield code="d">OCLCF</subfield><subfield code="d">OCLCO</subfield></datafield><datafield ind1=" " ind2=" " tag="066"><subfield code="c">$1</subfield></datafield><datafield ind1=" " ind2=" " tag="042"><subfield code="a">msc</subfield></datafield><datafield ind1="0" ind2=" " tag="130"><subfield code="a">Zhongbao (New York, N.Y.)</subfield></datafield><datafield ind1="0" ind2="0" tag="245"><subfield code="6">880-01</subfield><subfield code="a">Zhongbao =</subfield><subfield code="b">Centre daily news.</subfield></datafield><datafield ind1="3" ind2="1" tag="246"><subfield code="a">Centre daily news</subfield></datafield><datafield ind1="3" ind2="0" tag="246"><subfield code="a">Zhong bao</subfield></datafield><datafield ind1="3" ind2="0" tag="246"><subfield code="a">Center daily news</subfield></datafield><datafield ind1=" " ind2=" " tag="260"><subfield code="a">Flushing, N.Y. :</subfield><subfield code="b">Zhongbao youxian gongsi,</subfield><subfield code="c">1982-1989.</subfield></datafield><datafield ind1=" " ind2=" " tag="300"><subfield code="a">v. ;</subfield><subfield code="c">56 cm.</subfield></datafield><datafield ind1=" " ind2=" " tag="310"><subfield code="a">Daily (except Sunday and certain holidays)</subfield></datafield><datafield ind1="0" ind2=" " tag="362"><subfield code="a">No. 1 (Feb. 4, 1982)-no. 2303 (Sept. 18, 1989).</subfield></datafield><datafield ind1=" " ind2=" " tag="500"><subfield code="a">Called Mei dong ban [East America ed.] no. 428 (June 28, 1983)-no. 1071 (Aug. 12, 1985); Called Niuyue ban [New York ed.] no. 1072 (Aug. 13, 1985)-no. 2303 (Sept. 18, 1989).</subfield></datafield><datafield ind1=" " ind2=" " tag="530"><subfield code="a">Also available on microfilm from the New York Public Library.</subfield></datafield><datafield ind1=" " ind2=" " tag="546"><subfield code="a">In Chinese.</subfield></datafield><datafield ind1=" " ind2="0" tag="650"><subfield code="a">Chinese</subfield><subfield code="z">United States</subfield><subfield code="v">Newspapers.</subfield></datafield><datafield ind1=" " ind2="0" tag="650"><subfield code="a">Chinese Americans</subfield><subfield code="v">Newspapers.</subfield></datafield><datafield ind1=" " ind2="4" tag="651"><subfield code="a">Flushing (New York (N.Y.))</subfield><subfield code="v">Newspapers.</subfield></datafield><datafield ind1=" " ind2="4" tag="651"><subfield code="a">Queens (New York (N.Y.))</subfield><subfield code="v">Newspapers.</subfield></datafield><datafield ind1=" " ind2="4" tag="651"><subfield code="a">Queens County (N.Y.)</subfield><subfield code="v">Newspapers.</subfield></datafield><datafield ind1=" " ind2="7" tag="655"><subfield code="a">Newspapers.</subfield><subfield code="2">fast</subfield><subfield code="0">(OCoLC)fst01423814</subfield></datafield><datafield ind1=" " ind2="7" tag="650"><subfield code="a">Chinese.</subfield><subfield code="2">fast</subfield><subfield code="0">(OCoLC)fst00857169</subfield></datafield><datafield ind1=" " ind2="7" tag="650"><subfield code="a">Chinese Americans.</subfield><subfield code="2">fast</subfield><subfield code="0">(OCoLC)fst00857249</subfield></datafield><datafield ind1=" " ind2="7" tag="651"><subfield code="a">United States.</subfield><subfield code="2">fast</subfield><subfield code="0">(OCoLC)fst01204155</subfield></datafield><datafield ind1=" " ind2=" " tag="752"><subfield code="a">United States</subfield><subfield code="b">New York</subfield><subfield code="c">Queens</subfield><subfield code="d">Flushing.</subfield></datafield><datafield ind1=" " ind2=" " tag="752"><subfield code="a">United States</subfield><subfield code="b">New York</subfield><subfield code="d">New York.</subfield></datafield><datafield ind1="0" ind2=" " tag="775"><subfield code="a">Zhongbao (San Francisco, Calif.)</subfield><subfield code="w">(DLC)sn 87000006</subfield></datafield><datafield ind1="0" ind2="0" tag="880"><subfield code="6">245-01/$1</subfield><subfield code="a">&#20013;&#22577; =</subfield><subfield code="b">Centre daily news</subfield></datafield></record>